<?xml version="1.0" encoding="UTF-8"?><collection xmlns="http://www.loc.gov/MARC21/slim"><record><leader>00437nam--2200157-i-4500</leader><controlfield tag="001">000014515</controlfield><controlfield tag="002">20161230</controlfield><controlfield tag="005">20170301235515</controlfield><controlfield tag="008">060222s1000------------r-----000-0-eng-d</controlfield><datafield ind1=" " ind2=" " tag="245"><subfield code="a">Treatment planning for external beam therapy with neutrons</subfield></datafield><datafield ind1=" " ind2=" " tag="260"><subfield code="a">Munchen</subfield><subfield code="b">Urban And Schwerzenberg</subfield><subfield code="c">1981</subfield></datafield><datafield ind1=" " ind2=" " tag="300"><subfield code="a">238 p</subfield></datafield><datafield ind1=" " ind2=" " tag="490"><subfield code="a">Supplements To Strahlentherapie</subfield></datafield><datafield ind1=" " ind2=" " tag="700"><subfield code="a">Burger, G</subfield></datafield><datafield ind1=" " ind2=" " tag="852"><subfield code="a">615.849</subfield></datafield><datafield ind1=" " ind2=" " tag="CAT"><subfield code="a">SYS</subfield><subfield code="c">20170301</subfield><subfield code="h">235515</subfield></datafield></record></collection>